@article{tybon,
    title={Generating Solutions to the Jigsaw Puzzle Problem},
    author={Tybon, R.},  
    journal={Ph.D. thesis, Griffith University},
    year={2004},
    publisher={Griffith University} 
}

@article{hooper,
    title={The Hooper Visual Organization Test},
    year={Western Psychological Services, 1983},
    publisher={Western Psychological Services}
}

@ARTICLE{freeman,
  author={Freeman, H. and Garder, L.},
  journal={IEEE Transactions on Electronic Computers}, 
  title={Apictorial Jigsaw Puzzles: The Computer Solution of a Problem in Pattern Recognition}, 
  year={1964},
  volume={EC-13},
  number={2},
  pages={118-127},
}

@ARTICLE{tsamoura,
  author={Tsamoura, E. and Pitas, I.},
  journal={IEEE Transactions on Image Processing}, 
  title={Automatic Color Based Reassembly of Fragmented Images and Paintings}, 
  year={2010},
  volume={19},
  number={3},
  pages={680-690},
}

@ARTICLE{wolfson,
  author={Wolfson, H.J.},
  journal={IEEE Transactions on Pattern Analysis and Machine Intelligence}, 
  title={On curve matching}, 
  year={1990},
  volume={12},
  number={5},
  pages={483-489},
}

@ARTICLE{bogle_2021, title={Jigsaw Champions Reveal How to Solve a Jigsaw Puzzle Fast}, url={https://www.rd.com/list/how-to-solve-a-jigsaw-puzzle-fast/}, journal={Reader's Digest}, publisher={Reader's Digest}, author={Bogle, Jeff}, year={2021}, month={Jul}} 


@article{noroozi:2016,
  title={Unsupervised Learning of Visual Representations by Solving Jigsaw Puzzles},
  author={M.Noroozi and P. Favaro},
  journal={Lecture Notes in Computer Science},
  volume={9910},
  number={1},
  pages={69-84},
  year={2016},
  publisher={Springer, Cham}
}

@article{doersch:2015,
  title={Unsupervised visual representation learning by context prediction},
  author={Doersch, C. et. al.},
  journal={ICCV},
  year={2015}
}

@article{agrawal:2015,
  title={Learning to see by moving},
  author={Agrawal,P. et. al.},
  journal={ICCV},
  year={2015}
}

@article{wang:2015,
  title={Unsupervised learning of visual representations using videos.},
  author={Wang, X. et. al.},
  journal={ICCV},
  year={2015}
}

@INPROCEEDINGS{pang,
  author={Pang, K. and Yang, Yongxin and Hospedales, Timothy M. and Xiang, Tao and Song, Yi-Zhe},
  booktitle={2020 IEEE/CVF Conference on Computer Vision and Pattern Recognition (CVPR)}, 
  title={Solving Mixed-Modal Jigsaw Puzzle for Fine-Grained Sketch-Based Image Retrieval}, 
  year={2020},
  volume={},
  number={},
  pages={10344-10352},
}

@misc{adams2011ranking,
      title={Ranking via Sinkhorn Propagation}, 
      author={Adams,R. and Zemel,R.},
      year={2011}
}

@INPROCEEDINGS{kim,  
author={Kim, D. and Cho, D. and Yoo, D. and Kweon, I.},  
booktitle={2018 IEEE Winter Conference on Applications of Computer Vision (WCACV)},   
title={Learning Image Representations by Completing Damaged Jigsaw Puzzles},   
year={2018},  volume={},  number={},  pages={793-802}}

@INPROCEEDINGS{paumard, 
    author={Paumard, M. and Picard, D. and Tabia, H.},  
    booktitle={2018 25th IEEE International Conference on Image Processing (ICIP)},   
    title={Jigsaw Puzzle Solving Using Local Feature Co-Occurrences in Deep Neural Networks},   
    year={2018},
    pages={1018-1022}
}

@ARTICLE{deepuzzle,
  author={Paumard, M. and Picard, D. and Tabia, H.},
  journal={IEEE Transactions on Image Processing}, 
  title={Deepzzle: Solving Visual Jigsaw Puzzles With Deep Learning and Shortest Path Optimization}, 
  year={2020},
  volume={29},
  pages={3569-3581}
}

@ARTICLE{le,  
    author={Le, C. and Li, X.},  
    journal={IEEE Transactions on Image Processing},   
    title={JigsawNet: Shredded Image Reassembly Using Convolutional Neural Network and Loop-Based Composition},   
    year={2019},  
    volume={28},  
    number={8},  
    pages={4000-4015}
}

@InProceedings{He_2016_CVPR,
author = {He, K. and Zhang, X. and Ren, S. and Sun, J.},
title = {Deep Residual Learning for Image Recognition},
booktitle = {Proceedings of the IEEE Conference on Computer Vision and Pattern Recognition (CVPR)},
issue = {6},
year = {2016}
}

@InProceedings{He_2017_ICCV,
author = {He, K. and Gkioxari, G. and Dollar, P. and Girshick, R.},
title = {Mask R-CNN},
booktitle = {Proceedings of the IEEE International Conference on Computer Vision (ICCV)},
issue = {10},
year = {2017}
}
