@misc{website:snowden,
      author = "G. Greenwald and E. MacAskill and L. Poitras",
      month = "June",
      year = "2013 [Online]. Available ",
      title = "Edward Snowden: the whistleblower behind the NSA surveillance revelations",
      url = "https://www.theguardian.com/world/2013/jun/09/edward-snowden-nsa-whistleblower-surveillance"
}

@misc{website:nytimes,
      author = "C. C. Miller",
      month = "November",
      year = "2013 [Online]. Available ",
      title = "Angry Over U.S. Surveillance, Tech Giants Bolster Defenses",
      url = "https://web.archive.org/web/20131106015230/https://www.nytimes.com/2013/11/01/technology/angry-over-us-surveillance-tech-giants-bolster-defenses.htm"
}

@misc{website:newsweek,
      author = "A. Cuthbertson",
      month = "June",
      year = "2016 [Online]. Available ",
      title = "Snowden “Sped Up Encryption” by Seven Years",
      url = "https://www.newsweek.com/snowden-sped-encryption-seven-years-452688"
}

@misc{website:open-source,
      author = "C. Garling",
      month = "December",
      year = "2011 [Online]. Available ",
      title = "Twitter Open Sources Its Android Moxie",
      url = "https://web.archive.org/web/20111222010355/http://www.wired.com/wiredenterprise/2011/12/twitter-open-sources-its-android-moxie/"
}

@misc{website:signal-docs,
      author = "M. Marlinspike \textit{et. al.}",
      month = "",
      year = " [Online]. Available ",
      title = "Signal Technical Information, Specifications, and Documentation",
      url = "https://signal.org/docs/"
}

@misc{website:signal-widespread,
      author = "J. Lund",
      month = "Jan",
      year = "2018 [Online]. Available ",
      title = "Signal partners with Microsoft to bring end-to-end encryption to Skype",
      url = "https://web.archive.org/web/20200202152037/https://signal.org/blog/skype-partnership/"
}

@misc{website:global-adoption,
      author = "O. Eyal",
      month = "May",
      year = "2016 [Online]. Available ",
      title = "Canada, Germany and Australia are getting e2e encryption ",
      url = "https://web.archive.org/web/20161005083000/http://www.viber.com/en/blog/2016-05-03/canada-germany-and-australia-are-getting-e2e-encryption"
}

@misc{website:viber,
      author = "(unavailable)",
      month = "",
      year = " [Online]. Available ",
      title = "Viber Encryption Overview ",
      url = "https://web.archive.org/web/20160711035838/http://www.viber.com/en/security-overview"
}

@misc{website:forsta,
      author = "J. Mayfield",
      month = "April",
      year = "2018 [Online]. Available ",
      title = "Forsta developer AMA (interview)",
      url = "https://web.archive.org/web/20180502045526/https://www.reddit.com/r/crypto/comments/8b1m6n/forsta_signal_based_messaging_platform_for/"
}

@misc{website:forsta-gh,
      author = "J. Mayfield",
      month = "July",
      year = "2019 [Online]. Available ",
      title = "Forsta codebase, (Github repository)",
      url = "https://web.archive.org/web/20180613054634/https://github.com/ForstaLabs/libsignal-node"
}

@misc{website:sigfound,
      author = "M.Marlinspike \textit{et. al.}",
      month = "",
      year = "[Online]. Available ",
      title = "Signal Foundation",
      url = "https://signalfoundation.org/"
}

@misc{website:prllc,
      author = "R. Schmidt \textit{et. al.}",
      month = "",
      year = "[Online]. Available ",
      title = "Privacy Research LLC",
      url = "https://privacyresearch.io/"
}

@misc{website:prggh,
      author = "R. Schmidt \textit{et. al.}",
      month = "",
      year = "[Online]. Available ",
      title = "Privacy Research Group Github repository",
      url = "https://github.com/privacyresearchgroup"
}

@misc{website:siglibjavascript,
      author = "S. Nonnenberg \textit{et. al.}",
      month = "November",
      year = "2017 [Online]. Available ",
      title = "Signal Protocol JavaScript Library",
      url = "https://github.com/signalapp/libsignal-protocol-javascript"
}

@misc{website:prglibsigtypescript,
      author = "R. Schmidt \textit{et. al.}",
      month = "",
      year = "[Online]. Available ",
      title = "Signal Protocol Typescript Library",
      url = "https://github.com/privacyresearchgroup/libsignal-protocol-typescript"
}

@misc{website:sigdocXEdDSA,
      author = "T. Perrin \textit{et. al.}",
      month = "October",
      year = "2016 [Online]. Available ",
      title = "The XEdDSA and VXEdDSA Signature Schemes",
      url = "https://www.signal.org/docs/specifications/xeddsa/"
}

@misc{website:sigdocX3DH,
      author = "M.Marlinspike and T. Perrin",
      month = "November",
      year = "2016 [Online]. Available ",
      title = "The X3DH Key Agreement Protocol",
      url = "https://www.signal.org/docs/specifications/x3dh/"
}

@misc{website:prglibsigdemo,
      author = "R. Schmidt and M. E. Johnson",
      month = "",
      year = "[Online]. Available ",
      title = "Demo React Application using the libsignal-protocol-typescript",
      url = "https://github.com/privacyresearchgroup/libsignal-typescript-demo"
}

@misc{website:prglibsigtypescriptCurve25519,
      author = "R. Schmidt",
      month = "",
      year = "[Online]. Available ",
      title = "Typescript Library for Curve 25519",
      url = "https://github.com/privacyresearchgroup/curve25519-typescript"
}

@misc{website:prglibsigtypescriptCurve25519rawC,
      author = "R. Schmidt",
      month = "",
      year = "[Online]. Available ",
      title = "Clean Room Reimplementation of Curve25519",
      url = "https://github.com/privacyresearchgroup/curve25519-typescript/blob/master/native/curve25519-donna.c"
}

@misc{website:sigdocdoubleratchet,
      author = "M.Marlinspike \textit{et. al.}",
      month = "",
      year = "[Online]. Available ",
      title = "The Double Ratchet Algorithm",
      url = "https://signal.org/docs/specifications/doubleratchet/"
}

@InProceedings{formalAnalysisSig,
author = {K. Cohn-Gordon et. al.},
title = {A Formal Security Analysis of the Signal Messaging Protocol},
booktitle = {Proceedings of the IEEE European Symposium on Security and Privacy (EuroS\&P)},
pages = {451-466},
year = {2017}
}

@InProceedings{autoFormalAnalysisSig,
author = {N. Kobeissi et. al.},
title = {Automated Verification for Secure Messaging Protocols and Their Implementations: A Symbolic and Computational Approach},
booktitle = {2nd IEEE European Symposium on Security and Privacy},
pages = {435-450},
month = {April},
year = {2017}
}

@misc{website:sigOpenSource,
      author = "M.Marlinspike \textit{et. al.}",
      month = "",
      year = "[Online]. Available ",
      title = "Signal: Everywhere and nowhere",
      url = "https://github.com/signalapp"
}

@misc{website:sigSesame,
      author = "M.Marlinspike \textit{et. al.}",
      month = "April",
      year = "2017 [Online]. Available ",
      title = "The Sesame Algorithm: Session Management for Asynchronous Message Encryption",
      url = "https://signal.org/docs/specifications/sesame/"
}


